\usepackage[utf8]{inputenc}

@article{brewer2013probabilistic,
  title={Probabilistic catalogs for crowded stellar fields},
  author={Brewer, Brendon J and Foreman-Mackey, Daniel and Hogg, David W},
  journal={The Astronomical Journal},
  volume={146},
  number={1},
  pages={7},
  year={2013},
  publisher={IOP Publishing}
}

@article{huijser,
  title={Properties of the Affine Invariant Ensemble Sampler in high dimensions},
  author={Huijser, David and Goodman, Jesse and Brewer, Brendon J},
  journal={arXiv preprint arXiv:1509.02230},
  year={2015}
}

@article{emcee,
  title={emcee: The MCMC hammer},
  author={Foreman-Mackey, Daniel and Hogg, David W and Lang, Dustin and Goodman, Jonathan},
  journal={\pasp},
  volume={125},
  number={925},
  pages={306},
  year={2013},
  publisher={IOP Publishing}
}

@article{aies,
  title={Properties of the Affine Invariant Ensemble Sampler in high dimensions},
  author={Huijser, David and Goodman, Jesse and Brewer, Brendon J},
  journal={arXiv preprint arXiv:1509.02230},
  year={2015}
}

@ARTICLE{faria,
   author = {{Faria}, J.~P. and {Haywood}, R.~D. and {Brewer}, B.~J. and 
	{Figueira}, P. and {Oshagh}, M. and {Santerne}, A. and {Santos}, N.~C.
	},
    title = "{Uncovering the planets and stellar activity of CoRoT-7 using only radial velocities}",
  journal = {\ana},
archivePrefix = "arXiv",
   eprint = {1601.07495},
 primaryClass = "astro-ph.EP",
 keywords = {methods: data analysis, planetary systems, stars: individual: CoRoT-7, techniques: radial velocities},
     year = 2016,
    month = apr,
   volume = 588,
      eid = {A31},
    pages = {A31},
      doi = {10.1051/0004-6361/201527899},
   adsurl = {http://adsabs.harvard.edu/abs/2016A%26A...588A..31F},
  adsnote = {Provided by the SAO/NASA Astrophysics Data System}
}

@ARTICLE{magnetron,
   author = {{Huppenkothen}, D. and {Brewer}, B.~J. and {Hogg}, D.~W. and 
	{Murray}, I. and {Frean}, M. and {Elenbaas}, C. and {Watts}, A.~L. and 
	{Levin}, Y. and {van der Horst}, A.~J. and {Kouveliotou}, C.
	},
    title = "{Dissecting Magnetar Variability with Bayesian Hierarchical Models}",
  journal = {\apj},
archivePrefix = "arXiv",
   eprint = {1501.05251},
 primaryClass = "astro-ph.HE",
 keywords = {methods: data analysis, methods: statistical, pulsars: individual: SGR J1550{\ndash}5418, stars: magnetars, stars: magnetic field, X-rays: bursts},
     year = 2015,
    month = sep,
   volume = 810,
      eid = {66},
    pages = {66},
      doi = {10.1088/0004-637X/810/1/66},
   adsurl = {http://adsabs.harvard.edu/abs/2015ApJ...810...66H},
  adsnote = {Provided by the SAO/NASA Astrophysics Data System}
}

@ARTICLE{rjobject,
   author = {{Brewer}, B.~J.},
    title = "{Inference for Trans-dimensional Bayesian Models with Diffusive Nested Sampling}",
  journal = {ArXiv e-prints},
archivePrefix = "arXiv",
   eprint = {1411.3921},
 primaryClass = "stat.CO",
 keywords = {Statistics - Computation, Astrophysics - Instrumentation and Methods for Astrophysics, Physics - Data Analysis, Statistics and Probability},
     year = 2014,
    month = nov,
   adsurl = {http://adsabs.harvard.edu/abs/2014arXiv1411.3921B},
  adsnote = {Provided by the SAO/NASA Astrophysics Data System}
}


@incollection{knuth2016deeper,
  title={The Deeper Roles of Mathematics in Physical Laws},
  author={Knuth, Kevin H},
  booktitle={Trick or Truth?},
  pages={77--90},
  year={2016},
  publisher={Springer}
}


@ARTICLE{lensing2,
   author = {{Brewer}, B.~J. and {Huijser}, D. and {Lewis}, G.~F.},
    title = "{Trans-dimensional Bayesian inference for gravitational lens substructures}",
  journal = {MNRAS},
archivePrefix = "arXiv",
   eprint = {1508.00662},
 primaryClass = "astro-ph.IM",
 keywords = {gravitational lensing: strong, methods: data analysis, methods: statistical},
     year = 2016,
    month = jan,
   volume = 455,
    pages = {1819-1829},
   adsurl = {http://adsabs.harvard.edu/abs/2016MNRAS.455.1819B},
  adsnote = {Provided by the SAO/NASA Astrophysics Data System}
}

@article{stan,
  title={Stan: A probabilistic programming language},
  author={Carpenter, Bob and Gelman, Andrew and Hoffman, Matt and Lee, Daniel and Goodrich, Ben and Betancourt, Michael and Brubaker, Michael A and Guo, Jiqiang and Li, Peter and Riddell, Allen},
  journal={J Stat Softw},
  year={2016}
}

@inproceedings{jags,
  title={JAGS: A program for analysis of Bayesian graphical models using Gibbs sampling},
  author={Plummer, Martyn and others},
  booktitle={Proceedings of the 3rd international workshop on distributed statistical computing},
  volume={124},
  pages={125},
  year={2003},
  organization={Vienna}
}

@inproceedings{julia,
    author = "Jeff Bezanzon and Stefan Karpinski and Viral Shah and Alan Edelman",
    booktitle = "Lang.{NEXT}",
    year = "2012",
    month = apr,
    title = "Julia: A Fast Dynamic Language for Technical Computing",
    url = "http://julialang.org/images/lang.next.pdf"
}


@book{c++11,
  title={The C++ programming language, fourth edition},
  author={Stroustrup, Bjarne},
  year={2013},
  publisher={Pearson Education}
}

@book{gcc,
  title={Using the GNU Compiler Collection},
  author={GCC},
  year={2016},
  publisher={Free Software Foundation},
  url="https://gcc.gnu.org/onlinedocs/gcc/"
}

@article{numpy,
   author = "Walt, Stéfan van der and Colbert, S. Chris and Varoquaux, Gaël",
   title = "The NumPy Array: A Structure for Efficient Numerical Computation",
   journal = "Computing in Science \& Engineering",
   year = "2011",
   volume = "13",
   number = "2", 
   pages = "22-30",
   url = "http://scitation.aip.org/content/aip/journal/cise/13/2/10.1109/MCSE.2011.37",
   doi = "http://dx.doi.org/10.1109/MCSE.2011.37" 
}

@article{matplotlib,
   author = "Hunter, John D.",
   title = "Matplotlib: A 2D Graphics Environment",
   journal = "Computing in Science \& Engineering",
   year = "2007",
   volume = "9",
   number = "3", 
   pages = "90-95",
   url = "http://scitation.aip.org/content/aip/journal/cise/9/3/10.1109/MCSE.2007.55",
   doi = "http://dx.doi.org/10.1109/MCSE.2007.55" 
}

@article{cython,
   author = "Behnel, Stefan and Bradshaw, Robert and Citro, Craig and Dalcin, Lisandro and Seljebotn, Dag Sverre and Smith, Kurt",
   title = "Cython: The Best of Both Worlds",
   journal = "Computing in Science \& Engineering",
   year = "2011",
   volume = "13",
   number = "2", 
   pages = "31-39",
   url = "http://scitation.aip.org/content/aip/journal/cise/13/2/10.1109/MCSE.2010.118",
   doi = "http://dx.doi.org/10.1109/MCSE.2010.118" 
}


@InProceedings{pandas,
  author    = { Wes McKinney },
  title     = { Data Structures for Statistical Computing in Python },
  booktitle = { Proceedings of the 9th Python in Science Conference },
  pages     = { 51 - 56 },
  year      = { 2010 },
  editor    = { St\'efan van der Walt and Jarrod Millman }
}

@article{baldock2016determining,
  title={Determining pressure-temperature phase diagrams of materials},
  author={Baldock, Robert JN and Pártay, Lívia B and Bartók, Albert P and Payne, Michael C and Csányi, Gábor},
  journal={Physical Review B},
  volume={93},
  number={17},
  pages={174108},
  year={2016},
  publisher={APS}
}

@article{brewer2014inference,
  title={Inference for Trans-dimensional Bayesian Models with Diffusive Nested Sampling},
  author={Brewer, Brendon J},
  journal={arXiv preprint arXiv:1411.3921},
  year={2014}
}

@article{exoplanet,
  title={Fast Bayesian inference for exoplanet discovery in radial velocity data},
  author={Brewer, Brendon J and Donovan, Courtney P},
  journal={\mnras},
  volume={448},
  number={4},
  pages={3206--3214},
  year={2015},
  publisher={Oxford University Press}
}

@ARTICLE{dnest4,
   author = {{Brewer}, B.~J. and {Foreman-Mackey}, D.},
    title = "{DNest4: Diffusive Nested Sampling in C++ and Python}",
  journal = {Submitted to the Journal of Statistical Software},
archivePrefix = "arXiv",
   eprint = {1606.03757},
 primaryClass = "stat.CO",
 keywords = {Statistics - Computation, Astrophysics - Instrumentation and Methods for Astrophysics, Physics - Data Analysis, Statistics and Probability},
     year = 2016,
    month = jun,
   adsurl = {http://adsabs.harvard.edu/abs/2016arXiv160603757B},
  adsnote = {Provided by the SAO/NASA Astrophysics Data System}
}

@article{dns,
  title={Diffusive nested sampling},
  author={Brewer, Brendon J and Pártay, Lívia B and Csányi, Gábor},
  journal={Statistics and Computing},
  volume={21},
  number={4},
  pages={649--656},
  year={2011},
  publisher={Springer}
}

@article{knuth2012foundations,
  title={Foundations of inference},
  author={Knuth, Kevin H and Skilling, John},
  journal={Axioms},
  volume={1},
  number={1},
  pages={38--73},
  year={2012},
  publisher={Molecular Diversity Preservation International}
}

@ARTICLE{hoggFitLine,
   author = {{Hogg}, D.~W. and {Bovy}, J. and {Lang}, D.},
    title = "{Data analysis recipes: Fitting a model to data}",
  journal = {ArXiv e-prints},
archivePrefix = "arXiv",
   eprint = {1008.4686},
 primaryClass = "astro-ph.IM",
 keywords = {Astrophysics - Instrumentation and Methods for Astrophysics, Physics - Data Analysis, Statistics and Probability},
     year = 2010,
    month = aug,
   adsurl = {http://adsabs.harvard.edu/abs/2010arXiv1008.4686H},
  adsnote = {Provided by the SAO/NASA Astrophysics Data System}
}


@inproceedings{caticha2006updating,
  title={Updating Probabilities},
  author={Caticha, Ariel and Giffin, Adom},
  booktitle={Bayesian Inference and Maximum Entropy Methods In Science and Engineering},
  volume={872},
  number={1},
  pages={31--42},
  year={2006},
  organization={AIP Publishing}
}

@article{del2012adaptive,
  title={An adaptive sequential Monte Carlo method for approximate Bayesian computation},
  author={Del Moral, Pierre and Doucet, Arnaud and Jasra, Ajay},
  journal={Statistics and Computing},
  volume={22},
  number={5},
  pages={1009--1020},
  year={2012},
  publisher={Springer}
}

@article{dybowski2015single,
  title={Single passage in mouse organs enhances the survival and spread of Salmonella enterica},
  author={Dybowski, Richard and Restif, Olivier and Goupy, Alexandre and Maskell, Duncan J and Mastroeni, Piero and Grant, Andrew J},
  journal={Journal of The Royal Society Interface},
  volume={12},
  number={113},
  pages={20150702},
  year={2015},
  publisher={The Royal Society}
}

@article{feroz2009multinest,
  title={MultiNest: an efficient and robust Bayesian inference tool for cosmology and particle physics},
  author={Feroz, F and Hobson, MP and Bridges, M},
  journal={\mnras},
  volume={398},
  number={4},
  pages={1601--1614},
  year={2009},
  publisher={Oxford University Press}
}

@inproceedings{giffin2007updating,
  title={Updating Probabilities with Data and Moments},
  author={Giffin, Adom and Caticha, Ariel},
  booktitle={Bayesian Inference and Maximum Entropy Methods in Science and Engineering},
  volume={954},
  pages={74--84},
  year={2007}
}

@article{neal2001annealed,
  title={Annealed importance sampling},
  author={Neal, Radford M},
  journal={Statistics and Computing},
  volume={11},
  number={2},
  pages={125--139},
  year={2001},
  publisher={Springer}
}

@article{hansmann1997parallel,
  title={Parallel tempering algorithm for conformational studies of biological molecules},
  author={Hansmann, Ulrich HE},
  journal={Chemical Physics Letters},
  volume={281},
  number={1},
  pages={140--150},
  year={1997},
  publisher={Elsevier}
}

@article{green1995reversible,
  title={Reversible jump Markov chain Monte Carlo computation and Bayesian model determination},
  author={Green, Peter J},
  journal={Biometrika},
  volume={82},
  number={4},
  pages={711--732},
  year={1995},
  publisher={Biometrika Trust}
}

@article{handley2015polychord,
  title={POLYCHORD: next-generation nested sampling},
  author={Handley, WJ and Hobson, MP and Lasenby, AN},
  journal={\mnras},
  volume={453},
  number={4},
  pages={4384--4398},
  year={2015},
  publisher={Oxford University Press}
}

@article{huppenkothen2015dissecting,
  title={Dissecting magnetar variability with Bayesian hierarchical models},
  author={Huppenkothen, Daniela and Brewer, Brendon J and Hogg, David W and Murray, Iain and Frean, Marcus and Elenbaas, Chris and Watts, Anna L and Levin, Yuri and Van Der Horst, Alexander J and Kouveliotou, Chryssa},
  journal={\apj},
  volume={810},
  number={1},
  pages={66},
  year={2015},
  publisher={IOP Publishing}
}

@article{slice,
  title={Slice sampling},
  author={Neal, Radford M},
  journal={Annals of statistics},
  pages={705--741},
  year={2003},
  publisher={JSTOR}
}

@article{trias2009delayed,
  title={Delayed rejection schemes for efficient Markov-Chain Monte-Carlo sampling of multimodal distributions},
  author={Trias, Miquel and Vecchio, Alberto and Veitch, John},
  journal={arXiv preprint arXiv:0904.2207},
  year={2009}
}

@article{neal2011mcmc,
  title={MCMC using Hamiltonian dynamics},
  author={Neal, Radford M and others},
  journal={Handbook of Markov Chain Monte Carlo},
  volume={2},
  pages={113--162},
  year={2011}
}

@book{o2004kendall,
  title={Kendall's advanced theory of statistics, volume 2B: Bayesian inference},
  author={O'Hagan, Anthony and Forster, Jonathan J},
  volume={2},
  year={2004},
  publisher={Arnold}
}

@article{pancoast2014modelling,
  title={Modelling reverberation mapping data--I. Improved geometric and dynamical models and comparison with cross-correlation results},
  author={Pancoast, Anna and Brewer, Brendon J and Treu, Tommaso},
  journal={\mnras},
  volume={445},
  number={3},
  pages={3055--3072},
  year={2014},
  publisher={Oxford University Press}
}

@article{partay2010efficient,
  title={Efficient sampling of atomic configurational spaces},
  author={Pártay, Lívia B and Bartók, Albert P and Csányi, Gábor},
  journal={The Journal of Physical Chemistry B},
  volume={114},
  number={32},
  pages={10502--10512},
  year={2010},
  publisher={ACS Publications}
}

@article{robert2011lack,
  title={Lack of confidence in approximate Bayesian computation model choice},
  author={Robert, Christian P and Cornuet, Jean-Marie and Marin, Jean-Michel and Pillai, Natesh S},
  journal={Proceedings of the National Academy of Sciences},
  volume={108},
  number={37},
  pages={15112--15117},
  year={2011},
  publisher={National Acad Sciences}
}

@book{sivia2006data,
  title={Data analysis: a Bayesian tutorial},
  author={Sivia, Devinderjit and Skilling, John},
  year={2006},
  publisher={OUP Oxford}
}



@ARTICLE{vegettiJackpot,
   author = {{Vegetti}, S. and {Koopmans}, L.~V.~E. and {Bolton}, A. and 
	{Treu}, T. and {Gavazzi}, R.},
    title = "{Detection of a dark substructure through gravitational imaging}",
  journal = {\mnras},
archivePrefix = "arXiv",
   eprint = {0910.0760},
 keywords = {gravitational lensing: strong, galaxies: structure},
     year = 2010,
    month = nov,
   volume = 408,
    pages = {1969-1981},
      doi = {10.1111/j.1365-2966.2010.16865.x},
   adsurl = {http://adsabs.harvard.edu/abs/2010MNRAS.408.1969V},
  adsnote = {Provided by the SAO/NASA Astrophysics Data System}
}

@article{caticha2008lectures,
  title={Lectures on probability, entropy, and statistical physics},
  author={Caticha, Ariel},
  journal={arXiv preprint arXiv:0808.0012},
  year={2008}
}

@ARTICLE{sonnenfeldJackpot,
   author = {{Sonnenfeld}, A. and {Treu}, T. and {Gavazzi}, R. and {Marshall}, P.~J. and 
	{Auger}, M.~W. and {Suyu}, S.~H. and {Koopmans}, L.~V.~E. and 
	{Bolton}, A.~S.},
    title = "{Evidence for Dark Matter Contraction and a Salpeter Initial Mass Function in a Massive Early-type Galaxy}",
  journal = {\apj},
archivePrefix = "arXiv",
   eprint = {1111.4215},
 keywords = {dark matter, galaxies: elliptical and lenticular, cD, galaxies: structure, gravitational lensing: strong},
     year = 2012,
    month = jun,
   volume = 752,
      eid = {163},
    pages = {163},
      doi = {10.1088/0004-637X/752/2/163},
   adsurl = {http://adsabs.harvard.edu/abs/2012ApJ...752..163S},
  adsnote = {Provided by the SAO/NASA Astrophysics Data System}
}

@article{skilling2006nested,
  title={Nested sampling for general Bayesian computation},
  author={John Skilling},
  journal={Bayesian analysis},
  volume={1},
  number={4},
  pages={833--859},
  year={2006},
  publisher={International Society for Bayesian Analysis}
}

